2848 5314
421 308 721 504 stro>

126 625 263 702 tionem
289 631 424 707 urbium
441 651 477 704 et
499 653 664 730 pagorum
687 631 870 706 seeundum
895 633 1086 714 irrisisset

123 761 313 838 facultates
331 767 518 842 incolarum
538 768 660 845 lactem
684 767 822 854 fuisse,
835 775 876 840 'ut
898 770 1084 844 secundum
1177 823 1181 827 -

121 901 227 974 illam
252 902 402 974 subsidia
422 905 648 1009 erigerentur.
694 902 764 1007 ¹Per
787 903 948 998 quesdtm
973 924 1084 976 tttneu

56 1129 58 1136 s
119 1032 354 1125 Dyursties,
376 1059 461 1132 quse
493 1038 639 1130 plurime
674 1057 771 1132 parte
807 1038 949 1112 Geltise
981 1057 1094 1130 atque
1142 1105 1147 1116 ,

16 1215 19 1220 -
56 1224 60 1232 .
121 1167 377 1266 Ultrajectinae
412 1170 568 1244 confines
600 1191 718 1254 erent,
754 1174 837 1246 haec
879 1174 1081 1246 distributio

119 1301 201 1376 'non
227 1307 442 1392 obtinuerat,
468 1306 565 1399 cujus
584 1314 781 1403 exeptionis
802 1313 888 1382 ratio
909 1312 1013 1386 fuisse
1032 1303 1084 1385 ¹tl*

83 1508 90 1519 .
118 1443 251 1524 uetur,
268 1439 365 1532 quod
384 1440 446 1512 hee
465 1441 616 1516 nondum
635 1446 678 1516 ed
696 1443 915 1519 Hollsttditm
932 1468 977 1521 eo
996 1465 1082 1520 tem·

122 1599 220 1670 pore
242 1580 471 1673 pertinerent,
497 1567 567 1651 sive
588 1581 690 1652 etiam
714 1599 857 1673 propter
881 1577 972 1652 belia
999 1603 1084 1656 rou.-

121 1713 382 1786 tinusnulluut
406 1716 570 1788 tributum
594 1715 726 1786 solvere
747 1735 900 1810 possent.
922 1714 993 1810 (a)

141 1893 144 1902 ψ
177 1847 355 1936 Nobiles,
380 1851 498 1941 quiin
528 1871 656 1942 corpus
677 1873 736 1924 seu
766 1850 953 1946 collegium
974 1851 1086 1946 quoti·
1204 1948 1210 1960 ι

120 1981 205 2052 dtur
229 1979 450 2069 coaluerant,
474 2002 513 2054 ut
540 1984 588 2054 its
619 1984 799 2076 conjuncti
836 1983 960 2054 meiius
986 1983 1084 2068 urbi,

121 2116 217 2201 bus,
234 2118 285 2186 in
318 2116 407 2188 diem
430 2117 596 2208 majorem
620 2091 856 2188 auctoritatem
888 2118 954 2188 sibi
988 2137 1084 2190 erro·

122 2251 313 2345 gentibus,
338 2251 553 2342 resisterent,
577 2271 647 2320 non
662 2225 781 2320 omnes
800 2271 933 2342 semper
951 2254 986 2320 in
1009 2252 1084 2356 Co·

123 2351 237 2458 mitiis
257 2383 457 2469 rdfuetunt,
483 2383 543 2455 sed
566 2401 673 2474 saepe
700 2403 720 2452 e
743 2384 860 2470 medio
889 2403 953 2456 suo
981 2407 1085 2476 quos·

126 2515 209 2594 darn
238 2536 375 2591 »tuntum
406 2517 669 2612 delegaverunt,
706 2519 766 2611 qui
801 2535 919 2592 omnes
949 2536 1084 2593 ceteros

124 2631 422 2748 repraesentarent
446 2650 526 2748 (l).
577 2743 579 2748 ,

119 2818 122 2824 ·
158 2783 275 2864 'Hinc
297 2809 552 2883 nonnumquam
573 2792 608 2861 in
629 2792 722 2862 setis
740 2766 909 2862 ordinum
939 2779 1081 2882 legitur:

90 2930 95 2937 ’
127 2947 236 3000 unum
262 2925 390 2998 duosve
413 2943 541 3000 tantum
561 2923 710 2998 Nobiles
734 2923 1081 3022 inComitiissdiuis-
1119 2948 1123 2960 ⁸

118 3069 163 3133 'se
190 3059 269 3157 (c).
309 3060 437 3138 ,Ceteri
471 3063 562 3164 enirn
590 3058 765 3150 Nobiles,
800 3081 985 3157 postquam
1012 3064 1084 3153 pri-

347 3205 351 3218 '
942 3206 944 3211 ’
990 3217 1084 3268 tnutu

168 3359 227 3439 (a)
251 3363 317 3423 Vsu
334 3359 533 3431 Struortsuo',
552 3361 753 3438 Sraarkurrdige
769 3359 953 3438 Gettlrifren,
964 3363 1048 3422 Tom.
1060 3365 1086 3424 i.

127 3457 378 3535 mmun
723 3535 725 3540 ,
1017 3510 1072 3542 ·.

73 3595 77 3600 -
168 3553 223 3634 (b)
243 3555 330 3632 Resol.
353 3569 411 3612 ran
427 3551 499 3611 Holl.
517 3567 554 3626 27
574 3551 654 3625 Sept.
680 3555 766 3628 1565,
784 3572 818 3616 21
846 3555 931 3617 Febr.
945 3573 1030 3634 1544,
1054 3566 1086 3613 et

48 3683 51 3692 Δ
118 3649 148 3728 '7
165 3651 273 3712 Octob.
301 3663 383 3725 ¹555·
843 3637 847 3649 '
1015 3643 1017 3650 '

167 3745 218 3822 (c)
236 3745 366 3806 Comitiis
384 3741 496 3824 261111.
518 3743 580 3800 anui
593 3756 662 3818 1532
686 3755 716 3800 et
731 3743 971 3822 slul.enni154t
992 3743 1085 3802 Nobi·

131 3842 165 3898 lis
177 3838 319 3898 Gerendus
331 3839 367 3898 de
381 3839 533 3913 Poeigeest
544 3840 618 3897 solus
635 3838 769 3898 interfuit.
798 3837 847 3900 cf.
858 3839 893 3899 Α.
905 3857 935 3900 ν.
946 3856 976 3901 u.
989 3839 1084 3912 Gorr,

131 3935 255 4008 Register
270 3953 324 3993 ran
338 3937 393 3995 alle
402 3931 446 3994 di't
465 3927 664 4011 Dagb'vaerdrn
678 3935 721 4014 ὧν]
735 3936 767 3995 de
782 3935 881 3997 Slater
892 3953 947 3995 ran
956 3928 1084 4000 Hellandt

129 4028 280 4106 gthrrden,
303 4029 386 4093 Tem.
409 4031 433 4090 1.
456 4047 518 4106 prs.
540 4035 594 4107 '342
619 4043 650 4092 et
670 4033 738 4107 ὀμ.
