2848 5314
629 351 956 530 tuot

360 683 532 752 oneroso,
556 684 600 738 ert
618 657 803 754 emtione,
837 663 1120 740 antaradenae
1156 663 1338 754 quaesita·

356 823 477 890 etant,
502 801 749 874 concedentem
773 821 816 882 et⁴
831 803 905 896 eius
929 817 1146 872 successores
1174 785 1321 888 obliga÷

359 939 468 1022 butt,
492 953 615 1030 utpote
637 937 762 1029 quibus
778 935 968 1030 Princeps,
990 931 1172 1030 ¹tamquam
1201 937 1321 1026 priva·

361 1088 437 1158 tus,
459 1085 671 1144 contraemm
694 1047 780 1138 inire
803 1069 1085 1166 intelligebatur,
1109 1039 1169 1162 qui
1192 1069 1323 1140 utrim-

355 1225 426 1300 que
448 1205 641 1278 eemundus.

359 1371 368 1380 ·
402 1333 497 1410 Hinc
530 1339 708 1434 inproprie
739 1337 920 1436 privilegia
952 1339 1195 1422 nominantur,
1232 1353 1321 1406 cum

263 1544 266 1553 .
356 1493 576 1548 revera-sunt
597 1491 700 1568 pacta
722 1493 758 1544 er
781 1492 991 1547 contractus.
1117 1466 1121 1472 ’

382 1601 385 1608 ’
408 1607 569 1684 Gratuita
590 1605 752 1695 fuerunt,
778 1631 865 1702 quae
888 1631 938 1680 era
958 1606 1048 1678 solo.
1065 1603 1237 1698 Principis
1270 1600 1324 1674 fa·

349 1761 445 1814 trote
476 1741 807 1837 proficiscebantur,
843 1761 998 1836 quaeque
1023 1761 1174 1814 summus
1201 1735 1323 1831 impe·

358 1895 465 1963 tans,
487 1897 658 1970 tamquam
683 1877 780 1965 talis,
816 1878 1039 1948 concedebat.
1089 1875 1231 1944 Civium
1270 1875 1328 1944 in·

358 2025 413 2080 ter
443 2029 480 2080 se
513 2027 696 2098 respectu,
726 2007 908 2100 privilegia
938 2007 1079 2097 pactitia
1103 2026 1143 2075 ae
1167 2009 1326 2098 gratuita

357 2156 428 2223 non
452 2137 678 2227 differebant,
714 2163 833 2212 verunt
864 2159 1007 2231 utraque
1037 2140 1093 2232 jus
1121 2137 1324 2230 perfectum

349 2275 639 2361 constituebant,
665 2267 827 2368 quamdiu
861 2276 1109 2358 subsiste-reum
1147 2271 1323 2363 Principis

360 2427 484 2481 contra
515 2411 640 2482 intuitu
673 2431 833 2506 magnum
861 2413 1154 2502 internarumque
1181 2399 1322 2478 obtine·

240 2637 244 2646 .
357 2545 417 2617 bat
438 2543 634 2617 discrimen.
1178 2539 1181 2546 '

362 2693 369 2738 ἰ
408 2677 566 2750 Gratuita
589 2680 716 2752 tamdiu
745 2679 928 2770 valebant,
961 2681 1123 2774 quamdiu
1156 2675 1321 2784 publicae
1405 2687 1408 2826 ⁴

318 2809 523 2902 utilitati,
561 2813 603 2884 de
639 2837 707 2908 qua
739 2817 907 2912 judicium
940 2835 993 2888 est
1026 2816 1220 2906 Principis,
1247 2831 1321 2882 non

332 2984 334 2992 ,
360 2945 598 3034 obsistebant,
615 2969 727 3042 neque
746 2953 859 3044 ipsum
871 2951 1102 3052 iusiurandum
1125 2952 1160 3020 in
1183 2948 1236 3018 his
1254 2944 1320 3015 ali-

338 3081 445 3174 ·quid
462 3083 637 3170 mutabat,
659 3087 725 3156 nisi
748 3085 818 3158 hoc
842 3082 1322 3176 novaminferretobligatio·

357 3235 450 3290 nem.
500 3217 665 3304 Paciitia,
690 3237 770 3290 curn
789 3237 1025 3291 contractuum
1036 3237 1191 3288 naturam
1213 3215 1320 3302 babe-
1407 3305 1408 3308 p

337 3371 460 3439 rent,
497 3352 667 3446 Principis
694 3353 916 3448 jurejurando
944 3371 1014 3422 non
1036 3353 1260 3444 indigebant,
1281 3347 1319 3421 ut

355 3484 521 3558 ualerent.
571 3488 760 3560 Communi
791 3489 867 3582 jure
903 3487 1114 3560 Germanico
1153 3489 1316 3578 antiquo,
1407 3521 1408 3524 ¹

361 3619 458 3712 quod
482 3618 566 3692 olim
596 3623 682 3717 J'utis
709 3624 844 3715 publici
873 3621 1007 3717 Belgici
1032 3621 1207 3714 analogiae
1232 3639 1317 3691 con·

356 3733 522 3851 genebat,
539 3756 581 3828 de
601 3757 791 3853 privilegiis
809 3760 967 3854 gratuitis
984 3759 1208 3830 constitutum
1227 3771 1326 3828 erata.

408 3887 461 3960 1⁰.
499 3887 550 3962 Ut
585 3890 805 3983 Principibus
830 3914 870 3963 ea
892 3913 1054 3964 revocare
1079 3913 1149 3962 non
1172 3889 1315 3974 liceret,
1406 3863 1408 3932 l

289 4043 302 4086 t
356 4041 443 4115 quae
468 4023 668 4099 decessores
695 4027 747 4099 sui
772 4047 934 4102 revocare
957 4048 1028 4100 nou
1047 4015 1260 4134 potuissent}
