2832 5320
528 429 558 548 (
604 461 653 545 91'
701 430 728 545 )
829 491 836 534 2

151 687 166 736 ⁴-
199 664 338 758 ldbireo
371 685 501 758 liberae
537 684 749 758 vocabantur
761 663 956 776 ‘Dynastiae
966 661 985 786 ,¹
1007 689 1106 779 qmsi

150 818 323 892 ordinaria
351 820 591 913 jurisdictione
625 825 827 912 exemptae,
869 819 960 892 altae
995 839 1111 912 vero·;

152 956 236 1046 quia
259 953 403 1026 domino
434 955 490 1049 J'us
519 957 733 1050 timeatque
763 958 859 1029 necis
882 957 918 1029 in
948 957 991 1029 iis
1009 975 1108 1032 exera

30 1138 33 1142 -
150 1109 233 1161 eere
246 1071 391 1160 licebat.
408 1085 488 1183 (a)

84 1229 89 1236 '
142 1239 156 1294 f
200 1203 298 1298 Haec·
323 1225 420 1318 quod
441 1225 486 1296 ad
509 1224 601 1296 bona
622 1226 820 1306 Nobilium.
949 1322 952 1330 A

151 1356 163 1400 '·
206 1360 301 1430 Si'in
322 1337 508 1454 privilegia·
530 1362 762 1453 inquiramus,
786 1365 912 1456 quibus
941 1385 1022 1457 prae
1052 1385 1111 1441 ce·
1166 1427 1168 1436 ,

159 1494 246 1564 teris
270 1491 355 1564 olim
387 1495 424 1564 in
455 1487 642 1568 Hollandia
679 1495 830 1592 Nobiles
863 1500 970 1594 gavisi
1005 1483 1109 1589 sunt,

156 1640 284 1721 magna
307 1626 366 1699 illa
391 1611 497 1701 luisse
520 1647 676 1722 apparet·
756 1708 759 1716 ,

159 1791 173 1800 ··
208 1760 399 1836 Nonnullis
425 1765 617 1838 honoribus
639 1788 711 1838 nnn
741 1769 806 1838 nisi
835 1765 989 1840 Nobiles
1018 1763 1118 1864 fungi

156 1911 341 1992 poterant,
370 1901 417 1970 ita
436 1923 467 1970 v.
498 1923 531 1972 e.
564 1899 698 1984 Ralivi,
733 1919 811 1971 ante
841 1901 997 1974 seculum
1009 1899 1114 1989 xvi,

10 2069 13 2076 ·
115 2106 119 2113 ,
156 2029 309 2106 Nobiles
328 2055 402 2106 esse
426 2035 643 2122 debuerunt,
669 2055 750 2106 cum
782 2037 885 2108 etiarn
919 2035 955 2107 hi
983 2033 1052 2109 soll
1075 2035 1117 2110 ad

159 2168 396 2246 officiaauliea
416 2169 685 2240 admitterentur.
711 2165 780 2261 (b)

211 2301 364 2397 Quando
386 2301 613 2383 homicidium
635 2303 707 2371 sive
723 2300 817 2373 aliud
835 2304 965 2374 crimen
985 2305 1019 2373 in
1040 2285 1120 2375 No·

163 2437 273 2512 bilem
300 2439 523 2510 commissum
545 2455 656 2524 esset,
687 2423 821 2528 gravius
852 2439 889 2506 in
922 2456 1017 2508 reum
1051 2440 1123 2510 ani-

155 2571 465 2660 madvertebatur,
495 2555 599 2664 quam
625 2571 654 2642 si
677 2590 794 2642 caesus
814 2588 877 2642 aut
900 2569 1012 2644 laesus
1033 2593 1123 2645 esset
1144 2583 1154 2640 ’,

154 2703 438 2780 baudolenus.
1097 2703 1101 2710 '

189 2935 191 2940 ἢ
215 2843 418 2936 Imperatrix
439 2841 659 2938 Margaretba
677 2839 722 2913 de
739 2840 804 2916 bae
822 2861 858 2913 re
869 2843 917 2914 ita
937 2845 1124 2916 constitue·

162 2985 218 3054 'tat
241 3000 333 3054 anno
363 2954 476 3075 1336,
505 3001 552 3072 24
576 2977 692 3074 Aug.t

156 3143 162 3160 ⁸
325 3117 328 3124 '
515 3149 517 3156 ·
624 3152 627 3160 ⁴
1012 3162 1038 3206 „
1064 3112 1128 3187 Soa
1177 3133 1179 3143 ’

156 3358 161 3366 ,
209 3281 265 3364 (a')'
283 3289 395 3357 Kuurr,
421 3287 493 3347 Holl.
519 3287 673 3361 Staatsreg.
699 3287 782 3347 Tom.
800 3281 837 3346 V.
853 3301 918 3362 pag.
934 3300 992 3360 274
1008 3299 1070 3358 seq.
1082 3270 1129 3332 ’-

156 3383 384 3448 -Eruditissimns
413 3396 511 3440 auctor
532 3382 572 3438 ibi
591 3381 663 3438 duas
678 3381 777 3440 citavit
800 3382 925 3453 litteras,
952 3394 1056 3450 unam,
1074 3395 1131 3456 qua

162 3482 338 3559 ‚wilhelmus
357 3481 508 3555 Bavariae,
526 3477 686 3565 liollttndiae
706 3478 824 3558 Comitis
842 3477 953 3558 Alberti
970 3477 1043 3558 iilius
1059 3489 1132 3552 ¹natu

171 3584 279 3658 major,
300 3582 327 3638 in
348 3580 475 3638 favorem
495 3575 537 3632 sui
556 3571 647 3630 fidelis
670 3573 790 3646 Philippi
818 3571 854 3630 de
877 3573 1041 3629 Wassenaer
1064 3585 1133 3643 pro·

155 3679 258 3737 'mittit
280 3673 451 3736 Ambactiam
477 3667 514 3728 de
538 3669 693 3740 Oestgeest
713 3662 747 3723 acl
770 3663 884 3724 liberam
906 3664 1056 3740 dynastiam
1079 3679 1134 3724 sta-

174 3776 224 3834 tim
243 3771 388 3842 evehere,
408 3769 431 3834 si
450 3771 556 3843 Comes
577 3775 653 3822 esset
669 3761 779 3833 factus,
797 3763 930 3832 alteram,
961 3777 1017 3836 qua
1032 3759 1136 3820 Alber.

173 3883 221 3927 tus
244 3871 324 3940 Dux,
343 3869 369 3926 'm
389 3865 501 3940 gratiana
520 3841 633 3934 Equitis
653 3859 784 3944 Jolrannis
796 3874 847 3916 van
864 3856 921 3916 den
940 3854 1067 3930 Woude,
1087 3873 1134 3918 re.

155 3944 278 4038 'spectu
309 3945 468 4024 Ambactiae‘
492 3957 528 4018 de
549 3957 728 4029 Warmondt,
747 3955 822 4014 idem
842 3969 885 4014 est
904 3953 1055 4030 pollicitus,

151 4101 154 4110 ·
182 4071 185 4076 ’
216 4056 270 4135 (h)
287 4061 353 4120 VAN
365 4061 468 4130 Loom,
482 4059 588 4117 Abude
598 4060 696 4134 Reger.
707 4076 737 4117 ν.
746 4056 817 4118 Holl.
837 4055 919 4117 Tom·
931 4057 967 4118 ii.
984 4069 1048 4134 pag.
1060 4057 1137 4129 4923

179 4173 210 4218 at
233 4156 358 4240 Mittis,
377 4155 458 4216 Tum.
481 4156 531 4218 ΙΙΙ.
552 4168 615 4229 pag.
636 4154 685 4232 96.
